@article{cui2023toxic,
  title={Toxic gas molecules adsorbed on intrinsic and defective WS2: gas sensing and detection},
  author={Cui, Zhen and Yang, Kunqi and Shen, Yang and Yuan, Zhihao and Dong, Yanbo and Yuan, Pei and Li, Enling},
  journal={Applied Surface Science},
  volume={613},
  pages={155978},
  year={2023},
  publisher={Elsevier}
}
@article{jena2023lpg,
  title={LPG gas leakage detection system using IoT},
  author={Jena, Bibekananda and Pradhan, Subit Kumar and Jha, Raghuvar and Goel, Sonali and Sharma, Renu},
  journal={Materials Today: Proceedings},
  volume={74},
  pages={795--800},
  year={2023},
  publisher={Elsevier}
}
@article{khorramifar2023environmental,
  title={Environmental engineering applications of electronic nose systems based on MOX gas sensors},
  author={Khorramifar, Ali and Karami, Hamed and Lvova, Larisa and Kolouri, Alireza and {\L}azuka, Ewa and Pi{\l}at-Ro{\.z}ek, Magdalena and {\L}ag{\'o}d, Grzegorz and Ramos, Jose and Lozano, Jes{\'u}s and Kaveh, Mohammad and others},
  journal={sensors},
  volume={23},
  number={12},
  pages={5716},
  year={2023},
  publisher={MDPI}
}
@article{aldweesh2024mlora,
  title={Mlora-CBF: efficient cluster-based routing protocol against resource allocation using modified location routing algorithm with cluster-based flooding},
  author={Aldweesh, Amjad and Kodati, Sarangam and Alauthman, Mohammad and Aqeel, Ibrahim and Khormi, Ibrahim Mohsen and Dhasaratham, M and Lakshmana Kumar, R},
  journal={Wireless Networks},
  volume={30},
  number={2},
  pages={671--693},
  year={2024},
  publisher={Springer}
}
@article{balaji2023towards,
  title={Towards Efficient Sensor Deployment in Internet of Things for Target Coverage and Sensor Connectivity},
  author={Balaji, S and Pavithra, R and Arivudainambi, D and Varunkumar, KA and Suresh, A and Omar, Marwan Marwan and Bashir, Ali Kashif},
  journal={IEEE Transactions on Consumer Electronics},
  year={2023},
  publisher={IEEE}
}
@article{loh2023efficient,
  title={Efficient graph-based gateway placement for large-scale LoRaWAN deployments},
  author={Loh, Frank and Mehling, Noah and Gei{\ss}ler, Stefan and Ho{\ss}feld, Tobias},
  journal={Computer Communications},
  volume={204},
  pages={11--23},
  year={2023},
  publisher={Elsevier}
}
@article{naouri2023efficient,
  title={Efficient Fog Node Placement using Nature-Inspired Metaheuristic for IoT Applications},
  author={Naouri, Abdenacer and Nouri, Nabil Abdelkader and Dhelim, Sahraoui and Khelloufi, Amar and Sada, Abdelkarim Ben and Ning, Huansheng},
  journal={arXiv preprint arXiv:2302.05948},
  year={2023}
}
@article{rajoriya2023sailfish,
  title={Sailfish optimization-based controller selection (SFO-CS) for energy-aware multi-hop routing in software defined wireless sensor network (SDWSN)},
  author={Rajoriya, Manisha Kumari and Gupta, Chandra Prakash},
  journal={International Journal of Information Technology},
  volume={15},
  number={7},
  pages={3935--3948},
  year={2023},
  publisher={Springer}
}
@article{kumar2023sailfish,
  title={Sailfish Optimizer Algorithm (SFO) for Optimized Clustering in Internet of Things (IoT) Related to the Healthcare Industry},
  author={Kumar, Battina Srinuvasu and Santhi, SG and Narayana, S},
  journal={Modeling and Optimization of Optical Communication Networks},
  pages={349--364},
  year={2023},
  publisher={Wiley Online Library}
}
@article{boatwright2023integrated,
  title={Integrated sensor placement and leak localization using geospatial genetic algorithms},
  author={Boatwright, Shaun and Mounce, Stephen and Romano, Michele and Boxall, Joby},
  journal={Journal of Water Resources Planning and Management},
  volume={149},
  number={9},
  pages={04023040},
  year={2023},
  publisher={American Society of Civil Engineers}
}
@article{shiddiqi2024ga,
  title={GA-Sense: Sensor placement strategy for detecting leaks in water distribution networks based on time series flow and genetic algorithm},
  author={Shiddiqi, Ary Mazharuddin and Za'in, Choiru and Lathifah, Artya and Ahmad, Tohari and Purwitasari, Diana},
  journal={MethodsX},
  pages={102612},
  year={2024},
  publisher={Elsevier}
}
@article{xu2024multimaterial,
  title={A multimaterial sensor with Janus characteristics based on enhanced particle swarm optimization algorithm},
  author={Xu, Jie and Tang, Zhao and Sui, Jun-Yang and Zhang, Hai-Feng},
  journal={Optics \& Laser Technology},
  volume={170},
  pages={110242},
  year={2024},
  publisher={Elsevier}
}
@article{waqas2024sensor,
  title={A sensor placement approach using multi-objective hypergraph particle swarm optimization to improve effectiveness of structural health monitoring systems},
  author={Waqas, Muhammad and Jan, Latif and Zafar, Mohammad Haseeb and Hassan, Syed Raheel and Asif, Rameez},
  journal={Sensors},
  volume={24},
  number={5},
  pages={1423},
  year={2024},
  publisher={MDPI}
}
@article{tagne2023new,
  title={A new hybrid localization approach in wireless sensor networks based on particle swarm optimization and tabu search},
  author={Tagne Fute, Elie and Nyabeye Pangop, Doris-Kh{\"o}ler and Tonye, Emmanuel},
  journal={Applied Intelligence},
  volume={53},
  number={7},
  pages={7546--7561},
  year={2023},
  publisher={Springer}
}
@article{kumar2024hybrid,
  title={Hybrid genetic algorithm-simulated annealing based electric vehicle charging station placement for optimizing distribution network resilience},
  author={Kumar, Boya Anil and Jyothi, B and Singh, Arvind R and Bajaj, Mohit and Rathore, Rajkumar Singh and Tuka, Milkias Berhanu},
  journal={Scientific Reports},
  volume={14},
  number={1},
  pages={7637},
  year={2024},
  publisher={Nature Publishing Group UK London}
}
@article{annapurna2023multi,
  title={Multi-population Firefly Algorithm Based Node Deployment in Underwater Wireless Sensor Networks},
  author={Annapurna, R and Sudhir, A Ch},
  journal={Wireless Personal Communications},
  volume={130},
  number={1},
  pages={635--649},
  year={2023},
  publisher={Springer}
}
@article{demri2023energy,
  title={Energy efficient clustering in wireless sensors network using adaptive l{\'e}vy-flight firefly algorithm},
  author={DEMRI, Mohammed and RAHMOUN, Abdellatif and OMARI, Mohammed},
  journal={International Journal of Computing and Digital Systems},
  year={2023},
  publisher={University of Bahrain}
}
@article{kurian2024optimizing,
  title={Optimizing Coverage in Wireless Sensor Networks: A Binary Ant Colony Algorithm with Hill Climbing},
  author={Kurian, Alwin M and Onuorah, Munachimso J and Ammari, Habib M},
  journal={Applied Sciences},
  volume={14},
  number={3},
  pages={960},
  year={2024},
  publisher={MDPI}
}
@article{kaladevi2023breast,
  title={Breast cancer diagnosis using Orca predation optimization algorithm},
  author={Kaladevi, P and Punitha, VV and Muthusankar, D and Praveen, R},
  journal={Journal of Intelligent \& Fuzzy Systems},
  volume={45},
  number={3},
  pages={3855--3873},
  year={2023},
  publisher={IOS Press}
}
@article{pabitha2024chameleon,
  title={A chameleon and remora search optimization algorithm for handling task scheduling uncertainty problem in cloud computing},
  author={Pabitha, P and Nivitha, K and Gunavathi, C and Panjavarnam, B},
  journal={Sustainable Computing: Informatics and Systems},
  volume={41},
  pages={100944},
  year={2024},
  publisher={Elsevier}
}
@article{ramasamy2021fuzzy,
  title={Fuzzy and position particle swarm optimized routing in VANET},
  author={Ramasamy, Viswanathan and Srirangan, Jagatheswari and Ramalingam, Praveen},
  journal={International journal of electrical and computer engineering systems},
  volume={12},
  number={4},
  pages={199--206},
  year={2021},
  publisher={Elektrotehni{\v{c}}ki fakultet Sveu{\v{c}}ili{\v{s}}ta JJ Strossmayera u Osijeku}
}
@article{madhavi2023pythagorean,
  title={Pythagorean Fuzzy Sets-based VIKOR and TOPSIS-based multi-criteria decision-making model for mitigating resource deletion attacks in WSNs},
  author={Madhavi, S and Santhosh, NC and Rajkumar, S and Praveen, R},
  journal={Journal of Intelligent \& Fuzzy Systems},
  volume={44},
  number={6},
  pages={9441--9459},
  year={2023},
  publisher={IOS Press Nieuwe Hemweg 6B, 1013 BG Amsterdam, The Netherlands}
}
@article{madhavi2023hybrid,
  title={Hybrid Grey PIPRECIA and Grey OCRA method-based dynamic multi-criteria decision-making model for mitigating non-cooperating node attacks in WSNs},
  author={Madhavi, S and Praveen, R and Jagadish Kumar, N and Udhaya Sankar, SM},
  journal={Peer-to-Peer Networking and Applications},
  volume={16},
  number={5},
  pages={2607--2629},
  year={2023},
  publisher={Springer}
}